<collection xmlns="http://www.loc.gov/MARC21/slim">
   <record>
      <leader>02495cam a2200457 i 4500</leader>
      <controlfield tag="001">6858966</controlfield>
      <controlfield tag="003">OCoLC</controlfield>
      <controlfield tag="005">20150416153324.0</controlfield>
      <controlfield tag="008">140625t20152015enkaf    b    000 0 eng  </controlfield>
      <datafield ind1=" " ind2=" " tag="010">
         <subfield code="a">  2014021246</subfield>
      </datafield>
      <datafield ind1=" " ind2=" " tag="020">
         <subfield code="a">9781780645322 (alk. paper)</subfield>
      </datafield>
      <datafield ind1=" " ind2=" " tag="020">
         <subfield code="a">1780645325 (alk. paper)</subfield>
      </datafield>
      <datafield ind1=" " ind2=" " tag="035">
         <subfield code="a">ocn882463874</subfield>
      </datafield>
      <datafield ind1=" " ind2=" " tag="039">
         <subfield code="a">exclude</subfield>
      </datafield>
      <datafield ind1=" " ind2=" " tag="040">
         <subfield code="a">DLC</subfield>
         <subfield code="b">eng</subfield>
         <subfield code="e">rda</subfield>
         <subfield code="c">DLC</subfield>
         <subfield code="d">BTCTA</subfield>
         <subfield code="d">OCLCF</subfield>
         <subfield code="d">YDXCP</subfield>
         <subfield code="d">BDX</subfield>
         <subfield code="d">CDX</subfield>
         <subfield code="d">CUV</subfield>
         <subfield code="d">AEU</subfield>
      </datafield>
      <datafield ind1=" " ind2=" " tag="042">
         <subfield code="a">pcc</subfield>
      </datafield>
      <datafield ind1="0" ind2="0" tag="050">
         <subfield code="a">S592.6.C36</subfield>
         <subfield code="b">S643 2015</subfield>
      </datafield>
      <datafield ind1="0" ind2="0" tag="082">
         <subfield code="a">578.75/7</subfield>
         <subfield code="2">23</subfield>
      </datafield>
      <datafield ind1=" " ind2=" " tag="090">
         <subfield code="a">S592.6 .C36 S643 2015</subfield>
         <subfield code="b">AEGMCT</subfield>
      </datafield>
      <datafield ind1="0" ind2="0" tag="245">
         <subfield code="a">Soil carbon :</subfield>
         <subfield code="b">science, management, and policy for multiple benefits /</subfield>
         <subfield code="c">edited by Steven A. Banwart (The University of Sheffield, UK), Elke Noellemeyer (The National University of La Pampa, Argentina), Eleanor Milne, (Colorado State University, USA, and University of Leicester, UK).</subfield>
      </datafield>
      <datafield ind1=" " ind2="1" tag="264">
         <subfield code="a">Wallingford, Oxfordshire, UK ;</subfield>
         <subfield code="a">Boston, MA, USA :</subfield>
         <subfield code="b">CAB International,</subfield>
         <subfield code="c">[2015]</subfield>
      </datafield>
      <datafield ind1=" " ind2="4" tag="264">
         <subfield code="c">©2015</subfield>
      </datafield>
      <datafield ind1=" " ind2=" " tag="300">
         <subfield code="a">xxvii, 391 pages, 8 unnumbered pages of plates :</subfield>
         <subfield code="b">illustrations (some color) ;</subfield>
         <subfield code="c">26 cm.</subfield>
      </datafield>
      <datafield ind1=" " ind2=" " tag="336">
         <subfield code="a">text</subfield>
         <subfield code="2">rdacontent</subfield>
         <subfield code="0">http://id.loc.gov/vocabulary/contentTypes/txt</subfield>
      </datafield>
      <datafield ind1=" " ind2=" " tag="337">
         <subfield code="a">unmediated</subfield>
         <subfield code="2">rdamedia</subfield>
         <subfield code="0">http://id.loc.gov/vocabulary/mediaTypes/n</subfield>
      </datafield>
      <datafield ind1=" " ind2=" " tag="338">
         <subfield code="a">volume</subfield>
         <subfield code="2">rdacarrier</subfield>
         <subfield code="0">http://id.loc.gov/vocabulary/carriers/nc</subfield>
      </datafield>
      <datafield ind1="0" ind2=" " tag="490">
         <subfield code="a">SCOPE series ;</subfield>
         <subfield code="v">volume 71</subfield>
      </datafield>
      <datafield ind1=" " ind2=" " tag="504">
         <subfield code="a">Includes bibliographical references and index.</subfield>
      </datafield>
      <datafield ind1=" " ind2=" " tag="596">
         <subfield code="a">29</subfield>
      </datafield>
      <datafield ind1=" " ind2="0" tag="650">
         <subfield code="a">Soils</subfield>
         <subfield code="x">Carbon content.</subfield>
         <subfield code="0">http://id.loc.gov/authorities/subjects/sh85124408</subfield>
      </datafield>
      <datafield ind1=" " ind2="0" tag="650">
         <subfield code="a">Carbon sequestration.</subfield>
         <subfield code="0">http://id.loc.gov/authorities/subjects/sh95005769</subfield>
      </datafield>
      <datafield ind1=" " ind2="0" tag="650">
         <subfield code="a">Soil fertility.</subfield>
         <subfield code="0">http://id.loc.gov/authorities/subjects/sh85124344</subfield>
      </datafield>
      <datafield ind1=" " ind2="0" tag="650">
         <subfield code="a">Climate change mitigation.</subfield>
         <subfield code="0">http://id.loc.gov/authorities/subjects/sh2009009655</subfield>
      </datafield>
      <datafield ind1="1" ind2=" " tag="700">
         <subfield code="a">Banwart, Steven A.</subfield>
         <subfield code="0">http://id.loc.gov/authorities/names/n2001014119</subfield>
         <subfield code="0">http://viaf.org/viaf/39604277</subfield>
      </datafield>
      <datafield ind1="1" ind2=" " tag="700">
         <subfield code="a">Noellemeyer, Elke.</subfield>
         <subfield code="0">http://id.loc.gov/authorities/names/n2014037313</subfield>
         <subfield code="0">http://viaf.org/viaf/309820393</subfield>
      </datafield>
      <datafield ind1="1" ind2=" " tag="700">
         <subfield code="a">Milne, Eleanor,</subfield>
         <subfield code="d">1970-</subfield>
         <subfield code="0">http://id.loc.gov/authorities/names/n2014037316</subfield>
         <subfield code="0">http://viaf.org/viaf/309820396</subfield>
      </datafield>
      <datafield ind1=" " ind2=" " tag="758">
         <subfield code="0">http://worldcat.org/entity/work/id/23877224</subfield>
      </datafield>
      <datafield ind1="0" ind2=" " tag="787">
         <subfield code="n">OCLC Work Id</subfield>
         <subfield code="o">http://worldcat.org/entity/work/id/23877224</subfield>
      </datafield>
      <datafield ind1=" " ind2=" " tag="949">
         <subfield code="a">S592.6 .C36 S643 2015</subfield>
         <subfield code="h">GMCT-OS-B</subfield>
         <subfield code="i">1007557950</subfield>
         <subfield code="p">219.95</subfield>
         <subfield code="k">AVAIL_SOON</subfield>
      </datafield>
      <datafield ind1="1" ind2=" " tag="029">
         <subfield code="a">AU@</subfield>
         <subfield code="b">000053607818</subfield>
      </datafield>
      <datafield ind1=" " ind2=" " tag="926">
         <subfield code="a">S592.6 .C36 S643 2015</subfield>
         <subfield code="w">LC</subfield>
         <subfield code="c">1</subfield>
         <subfield code="i">1007557950</subfield>
         <subfield code="d">9/13/2016</subfield>
         <subfield code="e">8/21/2016</subfield>
         <subfield code="l">ON_SHELF</subfield>
         <subfield code="m">GR_MACEWAN</subfield>
         <subfield code="n">8</subfield>
         <subfield code="p">$219.95</subfield>
         <subfield code="r">Y</subfield>
         <subfield code="s">Y</subfield>
         <subfield code="t">BOOK</subfield>
         <subfield code="u">4/21/2015</subfield>
      </datafield>
   </record>
</collection>
